<?xml version="1.0" encoding="UTF-8"?><collection><record><leader>08320ntm a2200709 a 4500</leader><controlfield tag="001">006803494</controlfield><controlfield tag="003">MiAaHDL</controlfield><controlfield tag="005">20190719000000.0</controlfield><controlfield tag="006">m        d        </controlfield><controlfield tag="007">cr bn ---auaua</controlfield><controlfield tag="008">090527s1712    xx            00| ||ara d</controlfield><datafield tag="035" ind1=" " ind2=" "><subfield code="a">(MiU)006803494</subfield></datafield><datafield tag="035" ind1=" " ind2=" "><subfield code="a">sdr-miu006803494</subfield></datafield><datafield tag="040" ind1=" " ind2=" "><subfield code="a">MiU</subfield><subfield code="c">MiU</subfield><subfield code="e">amremm</subfield></datafield><datafield tag="043" ind1=" " ind2=" "><subfield code="a">n-us-mi</subfield></datafield><datafield tag="100" ind1="1" ind2=" "><subfield code="6">880-01</subfield><subfield code="a">Akhī Chalabī, Yūsuf ibn Junayd,</subfield><subfield code="d">-approximately 1497.</subfield></datafield><datafield tag="245" ind1="1" ind2="0"><subfield code="6">880-03</subfield><subfield code="a">Dhakhīrat al-ʻuqbá fī sharḥ Ṣadr al-Sharīʻah al-ʻUẓmah,</subfield><subfield code="f">[1124, i.e. 1712].</subfield></datafield><datafield tag="246" ind1="3" ind2=" "><subfield code="i">Title from on 'title page' (p.9):</subfield><subfield code="a">اخى چلبي على صدر الشريعه</subfield></datafield><datafield tag="246" ind1="3" ind2=" "><subfield code="i">Edge title (tail):</subfield><subfield code="a">حاشية على صدر الشريعة</subfield></datafield><datafield tag="260" ind1=" " ind2=" "><subfield code="c">[1712].</subfield></datafield><datafield tag="300" ind1=" " ind2=" "><subfield code="a">324 leaves :</subfield><subfield code="b">paper ;</subfield><subfield code="c">214 x 160 (160 x 95) mm.</subfield></datafield><datafield tag="500" ind1=" " ind2=" "><subfield code="a">Shelfmark: Ann Arbor, University of Michigan, Special Collections Library, Isl. Ms. 558</subfield></datafield><datafield tag="500" ind1=" " ind2=" "><subfield code="a">Origin: As appears in colophon on p.645, transcription completed 7 Rajab 1124 [ca. 10 August 1712].</subfield></datafield><datafield tag="500" ind1=" " ind2=" "><subfield code="a">Accompanying materials: a. Acquisitions slip from Yahuda -- b. Inventory cataloguing slip in hand of Winifred Smeaton Thomas -- c. Two inserts carrying notes (paginated pp.281-82 and pp.633-34).</subfield></datafield><datafield tag="500" ind1=" " ind2=" "><subfield code="a">Former shelfmark: From inner front cover and fore edge flap, "IL 133" (likely supplied by Yahuda, see acquisitions slip).</subfield></datafield><datafield tag="500" ind1=" " ind2=" "><subfield code="a">Binding: Pasteboards covered in dark red leather ; Type II binding (with flap) ; board linings in untinted laid paper ; upper and lower covers carry blind-stamped central mandorla filled with vegetal composition (compare Déroche class. OAi) ; design continues on envelope flap ; sewn in dull pink or light brown thread, two stations ; endbands virtually gone, though traces of headband remain ; overall in fair condition with some abrasion, staining, lifting of leather, etc.</subfield></datafield><datafield tag="500" ind1=" " ind2=" "><subfield code="a">Support: European laid paper with 7 laid lines per cm. (vertical), chain lines spaced 28 mm. apart (horizontal), watermarks including three crescents (81 mm. long, perpendicular to chains, see p.12, 17, etc.) and crown-star-crescent (76 mm. tall, see p.10, 19, etc.), and countermark of "V G" under trefoil (see p.12) ; light cream in color, sturdy and well-burnished to glossy.</subfield></datafield><datafield tag="500" ind1=" " ind2=" "><subfield code="a">Decoration: Keywords, section headings, and abbreviation symbols rubricated ; overlining in red ; textual dividers in the form of red discs.</subfield></datafield><datafield tag="500" ind1=" " ind2=" "><subfield code="a">Script: Naskh ; mainly a fine, compact Turkish hand ; partially but irregularly serifed with right-sloping head-serifs on free-standing alif and other ascender letters, effect of tilt to the left, occasional effect of words descending to baseline, curvilinear descenders with some sweeping, pointing in strokes rather than distinct dots, freely ligatured with assimilation of initial alif with following lām, dot of final nūn with bowl, etc. ; hand changes at p.629, from there to p.649 text supplied in a nastaʻlīq (talik), sans serif with effect of tilt to the right ; final two leaves of the text in still a different naskh ; opening excerpt in a naskh with some influence of nastaʻlīq (talik), a clear Turkish hand, virtually serifless with effect of words descending to baseline (occasionally more exaggerated) and tilt to the left, pointing in strokes rather than distinct dots, freely ligatured.</subfield></datafield><datafield tag="500" ind1=" " ind2=" "><subfield code="a">Layout: Written mainly in 21 lines per page ; opening excerpt in 23 lines per page ; frame-ruled.</subfield></datafield><datafield tag="500" ind1=" " ind2=" "><subfield code="a">Collation: I (2), 32 V(322), I (324) ; almost exclusively quinions ; catchwords present ; foliation in black ink, Hindu-Arabic numerals ; pagination in pencil, Western numerals, supplied during digitization (includes some inserts and mistakenly skips ahead from p.275 to p.277 and from p.277 to p.279).</subfield></datafield><datafield tag="500" ind1=" " ind2=" "><subfield code="a">Colophon: "Scribal," triangular, reads "سوده [الحرف الاخير مشطوب] الحقير [كذا] هذه الاوراق في سنة اربع وعشرين ومائة والف السبع في شهر رجب المرجب في نصفه يوم پنجشنبه قرب غروب الشمس"</subfield></datafield><datafield tag="500" ind1=" " ind2=" "><subfield code="a">Explicit: "وان لم يمتد اعتقاله او لم يعلم اشاراته لم يكن حكمه حكم الاخرين فلا يعتبر اشارته و كتابته تم الكتاب بعون الملك الوهاب"</subfield></datafield><datafield tag="500" ind1=" " ind2=" "><subfield code="a">Incipit: "الحمد لله الذي شرح صدر الشريعة الغراء ... وبعد فان تكميل النفوس الانسانية بالفضائل القدسية و تحليتها بالخصائل الانسية... فشرعت فيها ثانيا بعد ايابي من تلك الاراضي المقدسة ... وسميتها بذخيرة العقبى في شرح صدر الشريعة العظمى..."</subfield></datafield><datafield tag="500" ind1=" " ind2=" "><subfield code="a">Title from opening matter on p.12.</subfield></datafield><datafield tag="500" ind1=" " ind2=" "><subfield code="a">Ms. codex.</subfield></datafield><datafield tag="505" ind1="0" ind2=" "><subfield code="a">7. p.653-p.654 : [blank].</subfield></datafield><datafield tag="505" ind1="0" ind2=" "><subfield code="a">6. p.652 : [listing of notabilia].</subfield></datafield><datafield tag="505" ind1="0" ind2=" "><subfield code="a">5. p.650-p.651 : [authorial colophon].</subfield></datafield><datafield tag="505" ind1="0" ind2=" "><subfield code="a">4. p.649 : [excerpt].</subfield></datafield><datafield tag="505" ind1="0" ind2=" "><subfield code="a">3. p.646-p.648 : [table of contents].</subfield></datafield><datafield tag="505" ind1="0" ind2=" "><subfield code="a">2. p.9-p.645 : Dhakhīrat al-ʻuqbá fī sharḥ Ṣadr al-Sharīʻah al-ʻUẓmah / Akhī Chalabī.</subfield></datafield><datafield tag="505" ind1="0" ind2=" "><subfield code="a">1. p.1-p.8 : [gloss upon a commentary on Sūrat al-Qadr].</subfield></datafield><datafield tag="510" ind1="4" ind2=" "><subfield code="a">Ḥājjī Khalīfah. Kashf al-ẓunūn,</subfield><subfield code="c">iii 327 ; vi 460</subfield></datafield><datafield tag="510" ind1="4" ind2=" "><subfield code="a">Brockelmann, C. GAL,</subfield><subfield code="c">I 376 ; II 227 ; S II 318</subfield></datafield><datafield tag="520" ind1="8" ind2=" "><subfield code="a">Fine copy of the gloss by Yūsuf ibn Junayd Akhī Chelebī (Ahi Çelebî) on Sharḥ al-Wiqāyah by Ṣadr al-Sharīʻah al-Aṣghar (al-Thānī) ʻUbayd Allāh ibn Masʻūd al-Maḥbūbī, itself a commentary on Wiqāyat al-riwāyah fī masāʼil al-Hidāyah by Maḥmūd ibn Ṣadr al-Sharīʻah al-Maḥbūbī, an epitome on the celebrated work of Ḥanafī fiqh, al-Hidāyah by ʻAlī ibn Abī Bakr al-Marghīnānī. (see Isl. Ms. 86 and Isl. Ms. 97 for other ms. copies of this work). Preceded by an excerpt of a gloss upon a commentary on Sūrat al-Qadr (pp.1-8) and followed by table of contents (pp.646-648), closing excerpt (p.649), and authorial colophon in different hand (pp.650-651).</subfield></datafield><datafield tag="538" ind1=" " ind2=" "><subfield code="a">Mode of access: Internet.</subfield></datafield><datafield tag="541" ind1=" " ind2=" "><subfield code="a">Acquired in 1926 from the bookseller Isaac Benjamin S.E. Yahuda via purchase transacted on his behalf by Abraham Shalom Yahuda (1877-1951), his younger brother.</subfield></datafield><datafield tag="546" ind1=" " ind2=" "><subfield code="a">Arabic.</subfield></datafield><datafield tag="561" ind1=" " ind2=" "><subfield code="a">Several former owners' marks on recto of opening added leaf (p.1) including oval seal impression, effaced statement dated 1168 [1754 or 5], statement in name of Hüseyin Ömer Paşazade (حسين عمر باشا زاده), statement dated 1201 [1786 or 7] in name of Osman, müftü in Diyarbakır (آمد) and son of Ebubekir Efendi, Kuçuk Ahmetzade (d.1776, see Osmanlı müellifleri vol.2, p.311), accompanied by his oval seal impression (compare statement in Isl. Ms. 540), reads "من كتب الفقير اليه عز شانه عثمان المفتى بامد ابن ابو بكر افندى كوجوك احمد زاده عفى عنه ١٢٠١" ; kabīkaj invocation on 'title page' (p.9) (يا كبيكج) ; also on 'title page' (p.9) an inscription listing death date for the Ottoman Sultan Mahmud I (28 Ṣafar 1168 [ca. 14 December 1754]) ; extensive marginal and interlinear glosses ; occasional marginal corrections.</subfield></datafield><datafield tag="600" ind1="1" ind2="0"><subfield code="a">Burhān al-Sharīʻah, Maḥmūd ibn ʻUbayd Allāh,</subfield><subfield code="d">d. 1274 or 5.</subfield><subfield code="t">Wiqāyat al-riwāyah.</subfield></datafield><datafield tag="600" ind1="1" ind2="0"><subfield code="a">Maḥbūbī, ʻUbayd Allāh ibn Masʻūd,</subfield><subfield code="d">-1346 or 1347.</subfield><subfield code="t">Sharḥ al-Wiqāyah.</subfield></datafield><datafield tag="650" ind1=" " ind2="0"><subfield code="a">Manuscripts, Arabic</subfield><subfield code="z">Michigan</subfield><subfield code="z">Ann Arbor.</subfield></datafield><datafield tag="650" ind1=" " ind2="0"><subfield code="a">Hanafites</subfield><subfield code="v">Early works to 1800.</subfield></datafield><datafield tag="650" ind1=" " ind2="0"><subfield code="a">Islamic law</subfield><subfield code="x">Interpretation and construction</subfield><subfield code="v">Early works to 1800.</subfield></datafield><datafield tag="700" ind1="0" ind2=" "><subfield code="6">880-06</subfield><subfield code="a">Osman bin Kuçuk Ahmetzade Ebubekir Efendi,</subfield><subfield code="d">fl. 1786,</subfield><subfield code="e">former owner.</subfield></datafield><datafield tag="700" ind1="0" ind2=" "><subfield code="6">880-05</subfield><subfield code="a">Hüseyin Ömer Paşazade,</subfield><subfield code="e">former owner.</subfield></datafield><datafield tag="773" ind1="0" ind2=" "><subfield code="a">Yahuda Collection.</subfield></datafield><datafield tag="880" ind1="0" ind2=" "><subfield code="6">700-06/</subfield><subfield code="a">عثمان بن كوجك احمد زاده ابو بكر افندى،</subfield><subfield code="e">مالك سابق.</subfield></datafield><datafield tag="880" ind1="0" ind2=" "><subfield code="6">700-05/</subfield><subfield code="a">حسين عمر پاشا،</subfield><subfield code="e">مالك سابق.</subfield></datafield><datafield tag="880" ind1="1" ind2="0"><subfield code="6">245-03/</subfield><subfield code="a">ذخيرة العقبى في شرح صدر الشريعة العظمة,</subfield><subfield code="f">[1124ه، 1712م].</subfield></datafield><datafield tag="880" ind1="1" ind2=" "><subfield code="6">100-01/</subfield><subfield code="a">أخي چلبي، يوسف بن جنيد.</subfield></datafield><datafield tag="CID" ind1=" " ind2=" "><subfield code="a">006803494</subfield></datafield><datafield tag="DAT" ind1="0" ind2=" "><subfield code="a">20190719102636.0</subfield><subfield code="b">20190719000000.0</subfield></datafield><datafield tag="DAT" ind1="1" ind2=" "><subfield code="a">20190719090653.0</subfield><subfield code="b">2019-07-19T16:11:38Z</subfield></datafield><datafield tag="DAT" ind1="2" ind2=" "><subfield code="a">2015-10-02T18:00:03Z</subfield></datafield><datafield tag="CAT" ind1=" " ind2=" "><subfield code="a">SDR-MIU</subfield><subfield code="d">EX LIBRIS - ALEPH</subfield><subfield code="l">prepare.pl-004-008</subfield></datafield><datafield tag="FMT" ind1=" " ind2=" "><subfield code="a">BK</subfield></datafield><datafield tag="HOL" ind1=" " ind2=" "><subfield code="0">sdr-miu006803494</subfield><subfield code="a">MiU</subfield><subfield code="b">SDR</subfield><subfield code="c">MIU</subfield><subfield code="p">mdp.39015079126523</subfield><subfield code="s">MIU</subfield><subfield code="1">006803494</subfield></datafield><datafield tag="974" ind1=" " ind2=" "><subfield code="b">MIU</subfield><subfield code="c">MIU</subfield><subfield code="d">20190719</subfield><subfield code="s">lit-dlps-dc</subfield><subfield code="u">mdp.39015079126523</subfield><subfield code="y">1712</subfield><subfield code="r">pd</subfield><subfield code="q">bib</subfield><subfield code="t">non-US bib date1 &lt; 1896</subfield></datafield></record></collection>